% This file was created with Citavi 6.1.0.0
@article{california1,
 abstract = {Frequency Response Study},
 title = {California ISO (CAISO)}
}
@article{hansen2016frequency,
	title={Frequency control modelling-basics},
	author={Hansen, Anca Daniela and S{\o}rensen, Poul Ejnar and Zeni, Lorenzo and Altin, M{\"u}fit},
	year={2016}
}
@techreport{hoke2018fast,
	title={Fast Grid Frequency Support from Distributed Inverter-Based Resources},
	author={Hoke, Anderson F},
	year={2018},
	institution={National Renewable Energy Lab.(NREL), Golden, CO (United States)}
}
@inproceedings{hultholm2015optimal,
	title={Optimal reserve operation in Turkey--frequency control and non-spinning reserves},
	author={Hultholm, Christian and W{\"a}gar, Niklas},
	booktitle={Power-Gen Europe},
	year={2015}
}
@article{ieee1987ieee,
	title={IEEE Guide for Abnormal Frequency Protection for Power Generating Plants},
	author={IEEE/PES Protective Relaying Committee and others},
	journal={ANSI/IEEE Standard C},
	volume={37},
	pages={106},
	year={1987}
}
@misc{irena2017electricity,
	title={Electricity storage and renewables: Costs and markets to 2030},
	author={IRENA, AD},
	year={2017},
	publisher={Author Abu Dhabi}
}
@inproceedings{jayawardena2012dynamic,
	title={Dynamic characteristics of a hybrid microgrid with inverter and non-inverter interfaced renewable energy sources: A case study},
	author={Jayawardena, AV and Meegahapola, LG and Perera, S and Robinson, DA},
	booktitle={2012 IEEE International Conference on Power System Technology (POWERCON)},
	pages={1--6},
	year={2012},
	organization={IEEE}
}
@article{kroposki2017achieving,
	title={Achieving a 100\% renewable grid: Operating electric power systems with extremely high levels of variable renewable energy},
	author={Kroposki, Benjamin and Johnson, Brian and Zhang, Yingchen and Gevorgian, Vahan and Denholm, Paul and Hodge, Bri-Mathias and Hannegan, Bryan},
	journal={IEEE Power and Energy Magazine},
	volume={15},
	number={2},
	pages={61--73},
	year={2017},
	publisher={IEEE}
}
@book{kundur1994power,
	title={Power system stability and control},
	author={Kundur, Prabha and Balu, Neal J and Lauby, Mark G},
	volume={7},
	year={1994},
	publisher={McGraw-hill New York}
}
@misc{Mathworks.,
 url = {https://www.mathworks.com/},
 urldate = {15.08.19}
}
@article{edrah2015impacts,
	title={Impacts of high penetration of DFIG wind turbines on rotor angle stability of power systems},
	author={Edrah, Mohamed and Lo, Kwok L and Anaya-Lara, Olimpo},
	journal={IEEE Transactions on Sustainable Energy},
	volume={6},
	number={3},
	pages={759--766},
	year={2015},
	publisher={IEEE}

}
@article{dreidy2017inertia,
	title={Inertia response and frequency control techniques for renewable energy sources: A review},
	author={Dreidy, Mohammad and Mokhlis, H and Mekhilef, Saad},
	journal={Renewable and sustainable energy reviews},
	volume={69},
	pages={144--155},
	year={2017},
	publisher={Elsevier}
}
@mastersthesis{nesje2015need,
	title={The need for Inertia in the Nordic Power System},
	author={Nesje, Beate},
	year={2015},
	school={NTNU}
}
@book{ogata1999ingenieria,
	title={Ingenieria de Control Moderna (Spanish Edition)},
	author={Ogata, Katsushiko},
	year={1999},
	publisher={Prentice Hall}
}
@misc{ucte2007final,
	title={Final report system disturbance on 4 November 2006},
	author={UCTE, UCTE},
	year={2007},
	publisher={Union for the Co-ordination of Transmission of Electricity}
}
@book{john1994power,
	title={Power system analysis},
	author={John J.. Grainger and Stevenson, William D},
	volume={67},
	year={1994},
	publisher={McGraw-Hill New York}
}
@article{Wu.2013,
 abstract = {IEEE Transactions on Power Systems;2013;28;3;10.1109/TPWRS.2012.2236365},
 author = {Wu, Lei and Infield, David G.},
 year = {2013},
 title = {Towards an Assessment of Power System Frequency Support From Wind Plant---Modeling Aggregate Inertial Response},
 keywords = {Gaussian distribution;inertial response;power system operation;synthetic inertia;variable speed wind turbine;wind turbulence;wind variation},
 pages = {2283--2291},
 volume = {28},
 number = {3},
 issn = {0885-8950},
 journal = {IEEE Transactions on Power Systems},
 doi = {10.1109/TPWRS.2012.2236365}
}
@article{GonzalezRodriguez.2007,
 author = {{Gonz{\'a}lez Rodriguez}, A. G. and {Gonz{\'a}lez Rodriguez}, A. and {Burgos Pay{\'a}n}, M.},
 year = {2007},
 title = {Estimating wind turbines mechanical constants},
 pages = {697--704},
 volume = {1},
 number = {05},
 journal = {Renewable Energy and Power Quality Journal},
 doi = {10.24084/repqj05.361}
}
@techreport{Gevorgian.2017,
 abstract = {Presented at the 15th International Workshop on Large-Scale Integration of Wind Power into Power Systems as well as on Transmission Networks for Offshore Wind Power Plants; Vienna, Austria; November 15--17, 2016},
 author = {Gevorgian, Vahan and Zhang, Yingchen :. NREL},
 year = {2017},
 title = {Wind Generation Participation in Power System Frequency Response},
 url = {www.nrel.gov},
 keywords = {Inertia;interconnecion frequency response;January 2017;NREL/CP-5D00-67287;primary frequency response},
 institution={National Renewable Energy Lab.(NREL), Golden, CO (United States)}
}
@article{AgoraEnergiewende.,
 author = {{Agora Energiewende}},
 title = {Energiewende: What do the new laws mean? Ten questions and answers about EEG 2017, the Electricity Market Act, and the Digitisation Act},
 url = {www.agora-energiewende.de}
}
@article{energiewende2017flexibility,
	title={Flexibility in thermal power plants--With a focus on existing coal-fired power plants},
	author={Energiewende, Agora},
	journal={Berlin: Agora Energiewende},
	year={2017}
}
@article{Aho.2012,
 abstract = {To be presented at the 2012 American Control Conference; Montreal, Canada; June 27-29, 2012},
 author = {Aho, J. and Buckspan, A. and Laks, J. and Jeong, Y. and {Dunne, F. , Pao, L.} and Fleming, P. and Churchfield, M. and Johnson, K.},
 year = {2012},
 title = {Tutorial of Wind Turbine Control for Supporting Grid Frequency through Active Power Control: Preprint},
 url = {www.nrel.gov},
 keywords = {active power control;control systems;grid frequency regulation;March 2012;NREL/CP-5000-54605;wind turbine}
}
@book{Anderson.2002,
 author = {Anderson, P. M. and Fouad, A. A.},
 year = {2002},
 title = {Power system control and stability},
 address = {New York and Chichester},
 edition = {2nd ed.},
 publisher = {Wiley},
 isbn = {0-471-23862-7}
}
@techreport{hokefreqwatt,
 abstract = {This interim report describes research related to frequency-watt control of solar photovoltaic (PV) inverters conducted under the U.S. Department of Energy's Grid Modernization Laboratory Consortium (GMLC) by a regional partnership for Hawaii. The purpose of this report is to inform an ongoing discussion around frequency-watt control activation in Hawaii.},
 author = {{Andy Hoke, Mohamed Elkhatib, Austin Nelson, Jay Johnson, Jin Tan, Rasel Mahmud, Vahan Gevorgian, Jason Neely, Chris Antonio, Dean Arakawa, and Ken Fong}},
 title = {The Frequency-Watt Function: Simulation and Testing for the Hawaiian Electric Companies},
 url = {https://www.nrel.gov/docs/fy17osti/68884.pdf},
 keywords = {NREL/TP-5D00-68884},
 urldate = {9/15/2019}
}
@inproceedings{delavari2018simscape,
	title={Simscape power systems benchmarks for education and research in power grid dynamics and control},
	author={Delavari, Atieh and Kamwa, Innocent and Brunelle, Patrice},
	booktitle={2018 IEEE Canadian Conference on Electrical \& Computer Engineering (CCECE)},
	pages={1--5},
	year={2018},
	organization={IEEE}
}
@article{sundaram2008comparing,
	title={Comparing and Evaluating Frequency Response characteristics of},
	author={Sundaram, Dinakar and Bhuiyan, Mohammad},
	year={2008},
	publisher={Chalmers University of Technology}
}
@techreport{schauder2014advanced,
	title={Advanced inverter technology for high penetration levels of PV generation in distribution systems},
	author={Schauder, Colin},
	year={2014},
	institution={National Renewable Energy Lab.(NREL), Golden, CO (United States)}
}
@phdthesis{Craciun.2014,
 author = {CrÄƒciun, B.},
 year = {2014},
 title = {Grid Support in Large scale PV Power Plants using Active Power Reserves},
 url = {http://www.et.aau.dk},
 address = {Aalborg, Denmark},
 publisher = {Department of Energy Technology},
 school = {{Aalborg University}},
 type = {Degree of Doctor of Philosophy}
}
%#16
@misc{dena2014,
 author = {{Deutsche Energie-Agentur GmbH (dena) -- German Energy}},
 date = {2014},
 title = {dena Ancillary Services Study 2030: Security and reliability of a power supply with a high percentage of renewable energy},
 url = {www.dena.de},
 address = {Berlin, Germany},
 institution = {{German Energy Agency}}
}

@article{NREL.2012,
 abstract = {To be presented at the IEEE Symposium on Power Electronics and Machines in Wind Applications; Denver, Colorado; July 16-18, 2012},
 author = {{E. Muljadi, V. Gevorgian, and M. Singh: NREL} and {S. Santoso: University of Texas - Austin}},
 year = {2012},
 title = {Understanding Inertial and Frequency Response of Wind Power Plants: Preprint},
 keywords = {frequency response;governor response;inertial response;July 2012;National Renewable Energy Laboratory;NREL;NREL/CP-5500-55335;wind turbine}
}
@article{orum2015future,
	title={Future system inertia},
	author={{\O}rum, Erik and Kuivaniemi, Mikko and Laasonen, Minna and Bruseth, Alf Ivar and Jansson, Erik Alexander and Danell, Anders and Elkington, Katherine and Modig, Niklas},
	journal={ENTSOE, Brussels, Tech. Rep},
	year={2015}
}
@article{ENTSOE.2016,
 author = {ENTSOE},
 year = {2016},
 title = {Frequency Stability Evaluation Criteria for the Synchronous Zone of Continental Europe},
 url = {www.entsoe.eu}
}
@article{ENTSOE.2018,
 author = {ENTSOE},
 year = {2018},
 title = {Rate of Change of Frequency (RoCoF) withstand capability},
 url = {www.entsoe.eu}
}
@article{FederalMinistryforEconomicAffairsandEnergy.,
 author = {{Federal Ministry for Economic Affairs and Energy}},
 title = {An electricity market for Germany's energy transition: White Paper by the Federal Ministry for Economic Affairs and Energy}
}
@misc{GeneralElectricInternational.2013,
 abstract = {Presented at the First International Workshop on Grid Simulator Testing of Wind Turbine Drivetrains on June 13--14, 2013.},
 author = {{General Electric International}},
 date = {2013},
 title = {GE Wind Plant Advance Controls},
 institution = {{General Electric International}}
}
@article{miller2017technology,
	title={Technology capabilities for fast frequency response},
	author={Miller, N and Lew, D and Piwko, R},
	journal={GE Energy Consulting, Tech. Rep.},
	year={2017}
}
@article{kalcon2012small,
	title={Small-signal stability analysis of multi-terminal VSC-based DC transmission systems},
	author={Kalcon, Giddani O and Adam, Grain P and Anaya-Lara, Olimpo and Lo, Stephen and Uhlen, Kjetil},
	journal={IEEE Transactions on Power Systems},
	volume={27},
	number={4},
	pages={1818--1830},
	year={2012},
	publisher={IEEE}
}
@techreport{zhang2013role,
	title={Role of wind power in primary frequency response of an interconnection},
	author={Zhang, YC and Gevorgian, Vahan and Ela, Erik and Singhvi, Vikas and Pourbeik, Pouyan},
	year={2013},
	institution={National Renewable Energy Lab.(NREL), Golden, CO (United States)}
}